<?xml version="1.0" encoding="UTF-8"?>
  <record xmlns="http://www.loc.gov/MARC21/slim" type="Authority">
    <leader>00000nz  a2200000nc 4500</leader>
    <controlfield tag="001">041547705</controlfield>
    <controlfield tag="003">DE-101</controlfield>
    <controlfield tag="005">20170201133043.0</controlfield>
    <controlfield tag="008">880701n||azznnbabn           | ana    |c</controlfield>
    <datafield tag="024" ind1="7" ind2=" ">
      <subfield code="a">4154770-6</subfield>
      <subfield code="0">http://d-nb.info/gnd/4154770-6</subfield>
      <subfield code="2">gnd</subfield>
    </datafield>
    <datafield tag="035" ind1=" " ind2=" ">
      <subfield code="a">(DE-101)041547705</subfield>
    </datafield>
    <datafield tag="035" ind1=" " ind2=" ">
      <subfield code="a">(DE-588)4154770-6</subfield>
    </datafield>
    <datafield tag="035" ind1=" " ind2=" ">
      <subfield code="z">(DE-588c)4154770-6</subfield>
      <subfield code="9">v:zg</subfield>
    </datafield>
    <datafield tag="040" ind1=" " ind2=" ">
      <subfield code="a">DE-101</subfield>
      <subfield code="c">DE-101</subfield>
      <subfield code="9">r:DE-101</subfield>
      <subfield code="b">ger</subfield>
      <subfield code="d">1250</subfield>
    </datafield>
    <datafield tag="042" ind1=" " ind2=" ">
      <subfield code="a">gnd1</subfield>
    </datafield>
    <datafield tag="065" ind1=" " ind2=" ">
      <subfield code="a">2.3</subfield>
      <subfield code="2">sswd</subfield>
    </datafield>
    <datafield tag="065" ind1=" " ind2=" ">
      <subfield code="a">16.2</subfield>
      <subfield code="2">sswd</subfield>
    </datafield>
    <datafield tag="075" ind1=" " ind2=" ">
      <subfield code="b">s</subfield>
      <subfield code="2">gndgen</subfield>
    </datafield>
    <datafield tag="075" ind1=" " ind2=" ">
      <subfield code="b">saz</subfield>
      <subfield code="b">saf</subfield>
      <subfield code="2">gndspec</subfield>
    </datafield>
    <datafield tag="079" ind1=" " ind2=" ">
      <subfield code="a">g</subfield>
      <subfield code="q">s</subfield>
      <subfield code="q">g</subfield>
      <subfield code="u">w</subfield>
      <subfield code="u">z</subfield>
      <subfield code="u">o</subfield>
    </datafield>
    <datafield tag="083" ind1="0" ind2="4">
      <subfield code="a">070.1</subfield>
      <subfield code="9">d:2</subfield>
      <subfield code="9">t:2009-08-27</subfield>
      <subfield code="2">22/ger</subfield>
    </datafield>
    <datafield tag="083" ind1="0" ind2="4">
      <subfield code="a">302.232</subfield>
      <subfield code="9">d:2</subfield>
      <subfield code="9">t:2009-08-27</subfield>
      <subfield code="2">22/ger</subfield>
    </datafield>
    <datafield tag="150" ind1=" " ind2=" ">
      <subfield code="a">Flugschrift</subfield>
    </datafield>
    <datafield tag="450" ind1=" " ind2=" ">
      <subfield code="a">Flugschriften</subfield>
    </datafield>
    <datafield tag="550" ind1=" " ind2=" ">
      <subfield code="0">(DE-101)040131343</subfield>
      <subfield code="0">(DE-588)4013134-8</subfield>
      <subfield code="0">https://d-nb.info/gnd/4013134-8</subfield>
      <subfield code="a">Druckwerk</subfield>
      <subfield code="4">obal</subfield>
      <subfield code="4">https://d-nb.info/standards/elementset/gnd#broaderTermGeneral</subfield>
      <subfield code="w">r</subfield>
      <subfield code="i">Oberbegriff allgemein</subfield>
    </datafield>
    <datafield tag="550" ind1=" " ind2=" ">
      <subfield code="0">(DE-101)04071280X</subfield>
      <subfield code="0">(DE-588)4071280-1</subfield>
      <subfield code="0">https://d-nb.info/gnd/4071280-1</subfield>
      <subfield code="a">Flugblatt</subfield>
      <subfield code="4">vbal</subfield>
      <subfield code="4">https://d-nb.info/standards/elementset/gnd#relatedTerm</subfield>
      <subfield code="w">r</subfield>
      <subfield code="i">Verwandter Begriff</subfield>
    </datafield>
    <datafield tag="667" ind1=" " ind2=" ">
      <subfield code="a">RDA: Als Formbegriff für die Art des Inhalts nach RDA 7.2.1.3, D-A-CH zugelassen</subfield>
    </datafield>
    <datafield tag="670" ind1=" " ind2=" ">
      <subfield code="a">M</subfield>
    </datafield>
    <datafield tag="677" ind1=" " ind2=" ">
      <subfield code="a">Druck von geringem Umfang, der anlässlich eines konkreten Ereignisses oder eines aktuellen Themas publiziert wird, zur Information, Dokumentation und Agitation dient und an ein allgemeines (nicht nur privates) Publikum gerichtet ist. Der Umfang besteht (im Unterschied zum Flugblatt) aus mindestens zwei Blättern, die ein- oder zweiseitig bedruckt sein können (RDA AH-007). Nicht als literarische Gattung behandelt.</subfield>
    </datafield>
    <datafield tag="750" ind1=" " ind2="7">
      <subfield code="0">(DLC)sh 85097292</subfield>
      <subfield code="0">http://lccn.loc.gov/sh85097292</subfield>
      <subfield code="a">Pamphlets</subfield>
      <subfield code="2">lcsh</subfield>
      <subfield code="9">v:MACS-Mapping. Bitte keine Änderungen vornehmen.</subfield>
    </datafield>
    <datafield tag="750" ind1=" " ind2="7">
      <subfield code="0">(FrPBN)FRBNF119396550</subfield>
      <subfield code="0">http://data.bnf.fr/11939655</subfield>
      <subfield code="a">Pamphlets</subfield>
      <subfield code="2">ram</subfield>
      <subfield code="9">v:MACS-Mapping. Bitte keine Änderungen vornehmen.</subfield>
    </datafield>
    <datafield tag="913" ind1=" " ind2=" ">
      <subfield code="S">swd</subfield>
      <subfield code="i">s</subfield>
      <subfield code="a">Flugschrift</subfield>
      <subfield code="0">(DE-588c)4154770-6</subfield>
    </datafield>
  </record>
